<record><leader>00000cas a22000007a 4500</leader><controlfield tag="001">27354061</controlfield><controlfield tag="008">930201d1963196uctuwr ne      0    0eng d</controlfield><datafield ind1=" " ind2=" " tag="010"><subfield code="a">sn 93053735 </subfield></datafield><datafield ind1=" " ind2=" " tag="040"><subfield code="a">CNW</subfield><subfield code="b">eng</subfield><subfield code="c">CNW</subfield><subfield code="d">OCLCQ</subfield></datafield><datafield ind1=" " ind2=" " tag="042"><subfield code="a">msc</subfield></datafield><datafield ind1="0" ind2="4" tag="245"><subfield code="a">The Press bazaar.</subfield></datafield><datafield ind1=" " ind2=" " tag="260"><subfield code="a">Thompsonville, Conn. :</subfield><subfield code="b">Thompsonville Press</subfield></datafield><datafield ind1=" " ind2=" " tag="300"><subfield code="a">v.</subfield></datafield><datafield ind1=" " ind2=" " tag="310"><subfield code="a">Weekly,</subfield><subfield code="b">July 1964-</subfield></datafield><datafield ind1=" " ind2=" " tag="321"><subfield code="a">Biweekly,</subfield><subfield code="b">1963-June 1964</subfield></datafield><datafield ind1="0" ind2=" " tag="362"><subfield code="a">Vol. 1, no. 1 (Oct. 24, 1963)-</subfield></datafield><datafield ind1=" " ind2=" " tag="580"><subfield code="a">Published as a supplement to: Thompsonville press.</subfield></datafield><datafield ind1=" " ind2="4" tag="651"><subfield code="a">Thompsonville (Conn.)</subfield><subfield code="v">Newspapers.</subfield></datafield><datafield ind1=" " ind2="4" tag="651"><subfield code="a">Enfield (Conn.)</subfield><subfield code="v">Newspapers.</subfield></datafield><datafield ind1=" " ind2=" " tag="752"><subfield code="a">United States</subfield><subfield code="b">Connecticut</subfield><subfield code="c">Hartford</subfield><subfield code="d">Thompsonville.</subfield></datafield><datafield ind1="1" ind2=" " tag="775"><subfield code="t">Thompsonville press</subfield><subfield code="w">(DLC)sn 93053736</subfield></datafield><datafield ind1="0" ind2="0" tag="785"><subfield code="t">Northern Connecticut bazaar</subfield><subfield code="w">(DLC)sn 79002818</subfield><subfield code="w">(OCoLC)4952060</subfield></datafield><datafield ind1="1" ind2=" " tag="029"><subfield code="a">AU@</subfield><subfield code="b">000020736754</subfield></datafield></record>